@collection{globalmarket,
	editor = {{P\&S Market Research}},
	title = {Augmented Reality and Virtual Reality Market by Devices, by Component, by Application by Geography - Global Market Size, Share, Development, Growth, and Demand Forecast, 2013 - 2023},
	date = {2018},
	month = {June}
}

@inproceedings{DesaiPR182,
  author    = {Kevin Desai and
               Balakrishnan Prabhakaran and
               Suraj Raghuraman},
  title     = {{Combining skeletal poses for 3D human model generation using multiple
               kinects}},
  booktitle = {Proc. of the 9th {ACM} Multimedia Systems Conference ({MMSys})},
  pages     = {40--51},
  year      = {2018}
}

@inproceedings{CorbillonSSF18,
  author    = {Xavier Corbillon and
               Francesca {De Simone} and
               Gwendal Simon and
               Pascal Frossard},
  title     = {{Dynamic adaptive streaming for multi-viewpoint omnidirectional videos}},
    booktitle = {Proc. of the 9th {ACM} Multimedia Systems Conference ({MMSys})},
  pages     = {237--249},
  year      = {2018}
}

@inproceedings{Petrangeli2017,
author = {Petrangeli, Stefano and Swaminathan, Viswanathan and Hosseini, Mohammad and {De Turck}, Filip},
booktitle = {Proc. of ACM Multimedia (MM)},
pages = {306--314},
title = {{An HTTP/2-Based Adaptive Streaming Framework for \SI{360}{\degree} Virtual Reality Videos}},
year = {2017}
}

@article{MekuriaBC17,
  author    = {Rufael Mekuria and
               Kees Blom and
               Pablo C{\'{e}}sar},
  title     = {Design, Implementation, and Evaluation of a Point Cloud Codec for
               Tele-Immersive Video},
  journal   = {{IEEE} Trans. Circuits Syst. Video Techn.},
  volume    = {27},
  number    = {4},
  pages     = {828--842},
  year      = {2017}
}

@article{MagloLDH15,
  author    = {Adrien Maglo and
               Guillaume Lavou{\'{e}} and
               Florent Dupont and
               C{\'{e}}line Hudelot},
  title     = {3D Mesh Compression: Survey, Comparisons, and Emerging Trends},
  journal   = {{ACM} Comput. Surv.},
  volume    = {47},
  number    = {3},
  pages     = {44:1--44:41},
  year      = {2015}
}

@inproceedings{MamouZP08,
  author    = {Khaled Mamou and
               Titus B. Zaharia and
               Fran{\c{c}}oise J. Pr{\^{e}}teux},
  title     = {{FAMC:} The {MPEG-4} standard for Animated Mesh Compression},
  booktitle = {{ICIP}},
  publisher={IEEE},
  year      = {2008}
}

@article{LalosVDM17,
  author    = {Aris S. Lalos and
               Andreas{-}Alexandros Vasilakis and
               Anastasios Dimas and
               Konstantinos Moustakas},
  title     = {Adaptive compression of animated meshes by exploiting orthogonal iterations},
  journal   = {The Visual Computer},
  volume    = {33},
  number    = {6-8},
  pages     = {811--821},
  year      = {2017}
}

@article{AlexiadisZD13,
  author    = {Dimitrios S. Alexiadis and
               Dimitrios Zarpalas and
               Petros Daras},
  title     = {Real-Time, Full 3-D Reconstruction of Moving Foreground Objects From
               Multiple Consumer Depth Cameras},
  journal   = {{IEEE} Trans. Multimedia},
  volume    = {15},
  number    = {2},
  pages     = {339--358},
  year      = {2013}
}

@article{AlexiadisCZZLZD17,
  author    = {Dimitrios S. Alexiadis and
               Anargyros Chatzitofis and
               Nikolaos Zioulis and
               Olga Zoidi and
               Georgios Louizis and
               Dimitrios Zarpalas and
               Petros Daras},
  title     = {An Integrated Platform for Live 3D Human Reconstruction and Motion
               Capturing},
  journal   = {{IEEE} Trans. Circuits Syst. Video Techn.},
  volume    = {27},
  number    = {4},
  pages     = {798--813},
  year      = {2017}
}

@article{BahiratLMP18,
  author    = {Kanchan Bahirat and
               Chengyuan Lai and
               Ryan P. McMahan and
               Balakrishnan Prabhakaran},
  title     = {Designing and Evaluating a Mesh Simplification Algorithm for Virtual
               Reality},
  journal   = {ACM Trans. Multimedia Comp., Comm. and App.},
  volume    = {14},
  number    = {3s},
  pages     = {63:1--63:26},
  year      = {2018}
}

@article{SongTDZJ18,
  author    = {Dan Song and
               Ruofeng Tong and
               Jiang Du and
               Yun Zhang and
               Yao Jin},
  title     = {Data-Driven 3-D Human Body Customization With a Mobile Device},
  journal   = {{IEEE} Access},
  volume    = {6},
  pages     = {27939--27948},
  year      = {2018}
}

@inproceedings{LadickySJMP17,
  author    = {Lubor Ladicky and
               Olivier Saurer and
               SoHyeon Jeong and
               Fabio Maninchedda and
               Marc Pollefeys},
  title     = {From Point Clouds to Mesh Using Regression},
  booktitle = {Proc. of {IEEE} Int. Conf. on Computer Vision ({ICCV})},
  year      = {2017}
}

@article{DouDFKKRTI17,
  author    = {Mingsong Dou and
               Philip L. Davidson and
               Sean Ryan Fanello and
               Sameh Khamis and
               Adarsh Kowdle and
               Christoph Rhemann and
               Vladimir Tankovich and
               Shahram Izadi},
  title     = {Motion2fusion: real-time volumetric performance capture},
  journal   = {{ACM} Trans. Graph.},
  volume    = {36},
  number    = {6},
  pages     = {246:1--246:16}
}

@article{OndruskaKI15,
  author    = {Peter Ondruska and
               Pushmeet Kohli and
               Shahram Izadi},
  title     = {MobileFusion: Real-Time Volumetric Surface Reconstruction and Dense
               Tracking on Mobile Phones},
  journal   = {{IEEE} Trans. Vis. Comput. Graph.},
  volume    = {21},
  number    = {11},
  pages     = {1251--1258},
  year      = {2015}
}

@inproceedings{DesaiPR18,
  author    = {Kevin Desai and
               Balakrishnan Prabhakaran and
               Suraj Raghuraman},
  title     = {Skeleton-based continuous extrinsic calibration of multiple {RGB-D}
               kinect cameras},
  booktitle = {Proc. of the 9th {ACM} Multimedia Systems Conf. ({MMSys})},
  year      = {2018}
}

@article{ZhaoOCMC14,
  author    = {Shanghong Zhao and
               Wei Tsang Ooi and
               Axel Carlier and
               G{\'{e}}raldine Morin and
               Vincent Charvillat},
  title     = {Bandwidth adaptation for 3D mesh preview streaming},
  journal   = {{ACM Trans. Multimedia Comp., Comm. and App.}},
  volume    = {10},
  number    = {1s},
  pages     = {13:1--13:20},
  year      = {2014}
}

@inproceedings{DoranMGMOB09,
  author    = {Andra Doran and
               Sebastien Mondet and
               Romulus Grigoras and
               G{\'{e}}raldine Morin and
               Wei Tsang Ooi and
               Fr{\'{e}}d{\'{e}}ric Boudon},
  title     = {A demonstration of MobiTree: progressive 3D tree models streaming
               on mobile clients},
  booktitle = {Proc. of the 17th Int. Conf. on Multimedia ({MM})},
  year      = {2009}
}

@article{ChengOMGM11,
  author    = {Wei Cheng and
               Wei Tsang Ooi and
               Sebastien Mondet and
               Romulus Grigoras and
               G{\'{e}}raldine Morin},
  title     = {Modeling progressive mesh streaming: Does data dependency matter?},
  journal   = {{ACM Trans. Multimedia Comp., Comm. and App.}},
  volume    = {7},
  number    = {2},
  pages     = {10:1--10:24},
  year      = {2011}
}

@article{BergerTSAGLSS17,
  author    = {Matthew Berger and
               Andrea Tagliasacchi and
               Lee M. Seversky and
               Pierre Alliez and
               Ga{\"{e}}l Guennebaud and
               Joshua A. Levine and
               Andrei Sharf and
               Cl{\'{a}}udio T. Silva},
  title     = {A Survey of Surface Reconstruction from Point Clouds},
  journal   = {Comput. Graph. Forum},
  volume    = {36},
  number    = {1},
  pages     = {301--329},
  year      = {2017}
}

@article{ChenTFVK18,
  author    = {Siheng Chen and
               Dong Tian and
               Chen Feng and
               Anthony Vetro and
               Jelena Kovacevic},
  title     = {Fast Resampling of Three-Dimensional Point Clouds via Graphs},
  journal   = {{IEEE} Trans. Signal Processing},
  volume    = {66},
  number    = {3},
  pages     = {666--681},
  year      = {2018}
}

@article{ThanouCF16,
  author    = {Dorina Thanou and
               Philip A. Chou and
               Pascal Frossard},
  title     = {Graph-Based Compression of Dynamic 3D Point Cloud Sequences},
  journal   = {{IEEE} Trans. Image Processing},
  volume    = {25},
  number    = {4},
  pages     = {1765--1778},
  year      = {2016}
}

@inproceedings{KammerlBRGBS12,
  author    = {Julius Kammerl and
               Nico Blodow and
               Radu Bogdan Rusu and
               Suat Gedikli and
               Michael Beetz and
               Eckehard G. Steinbach},
  title     = {Real-time compression of point cloud streams},
  booktitle = {{ICRA}},
  publisher={IEEE},
  year      = {2012}
}

@inproceedings{PavezC17,
  author    = {Eduardo Pavez and
               Philip A. Chou},
  title     = {Dynamic polygon cloud compression},
  booktitle = {{ICASSP}},
  publisher={IEEE},
  year      = {2017}
}

@inproceedings{HosseiniT18,
  author    = {Mohammad Hosseini and
               Christian Timmerer},
  title     = {Dynamic Adaptive Point Cloud Streaming},
  booktitle = {{PV}@MMSys, Amsterdam},
  year      = {2018}
}

@inproceedings{ForgioneCMOCY18a,
  author    = {Thomas Forgione and
               Axel Carlier and
               G{\'{e}}raldine Morin and
               Wei Tsang Ooi and
               Vincent Charvillat and
               Praveen Kumar Yadav},
  title     = {{DASH} for {3D} Networked Virtual Environment},
  booktitle = {Multimedia Conf. ({MM}),
               Seoul, },
  year      = {2018},
  publisher={ACM}}
  
  @article{MessaoudiKSB17,
  author    = {Farouk Messaoudi and
               Adlen Ksentini and
               Gwendal Simon and
               Philippe Bertin},
  title     = {Performance Analysis of Game Engines on Mobile and Fixed Devices},
  journal   = {ACM Trans. on Multimedia Comp., Comm. and App. ({TOMM})},
  volume    = {13},
  number    = {4},
  pages     = {57:1--57:28},
  year      = {2017}
}

@inproceedings{CuervoWCLRSM15,
  author    = {Eduardo Cuervo and
               Alec Wolman and
               Landon P. Cox and
               Kiron Lebeck and
               Ali Razeen and
               Stefan Saroiu and
               Madanlal Musuvathi},
  title     = {Kahawai: High-Quality Mobile Gaming Using {GPU} Offload},
  booktitle = {MobiSys, Florence},
  year      = {2015},
  publisher={ACM}
}

@inproceedings{ChenZ18,
  author    = {De{-}Yu Chen and
               Magda {El Zarki}},
  title     = {Improving the Quality of 3D Immersive Interactive Cloud Based Services
               Over Unreliable Network},
  booktitle = {MMVE@MMSys, Amsterdam},
  year      = {2018},
  publisher={ACM}
}

@article{BuyukkayaAS15,
  author    = {Eliya Buyukkaya and
               Maha Abdallah and
               Gwendal Simon},
  title     = {A survey of peer-to-peer overlay approaches for networked virtual
               environments},
  journal   = {Peer-to-Peer Networking and Applications},
  volume    = {8},
  number    = {2},
  pages     = {276--300},
  year      = {2015}
}

@article{CorsiniLLPVW13,
  author    = {Massimiliano Corsini and
               Mohamed{-}Chaker Larabi and
               Guillaume Lavou{\'{e}} and
               Oldrich Petr{\'{\i}}k and
               Libor V{\'{a}}sa and
               Kai Wang},
  title     = {Perceptual Metrics for Static and Dynamic Triangle Meshes},
  journal   = {Comput. Graph. Forum},
  volume    = {32},
  number    = {1},
  pages     = {101--125},
  year      = {2013}
}

@inproceedings{KellerL17,
  author    = {Joaqu{\'{\i}}n Keller and
               Mathilde Laurent},
  title     = {Divereal: a social virtual world without rooms},
  booktitle = {Netgames@MMsys, Taipei},
  year      = {2017}
}

@article{AbdallahGCSWH18,
  author    = {Maha Abdallah and
               Carsten Griwodz and
               Kuan{-}Ta Chen and
               Gwendal Simon and
               Pin{-}Chun Wang and
               Cheng{-}Hsin Hsu},
  title     = {Delay-Sensitive Video Computing in the Cloud: {A} Survey},
  journal   = {ACM Trans. on Multimedia Comp., Comm. and App. ({TOMM})},  volume    = {14},
  number    = {3s},
  pages     = {54:1--54:29},
  year      = {2018}
}
